@report{global,
	author = {UN Environment},
	title = {Renewables 2018 - Global Status Report},
	date = {2018-09-25},
}

@incollection{ID,
	author = {author},
	editor = {editor},
	title = {title},
	booktitle = {booktitle},
	date = {date},
	
}

@online{flyback,
	title = {Flyback converter},
	date = {2018-09-27},
	url = {https://en.wikipedia.org/wiki/Flyback_converter},
}

@book{under the hood,
	author = {Texas Instruments},
	title = {Under the hood of a noninverting buck-boost converter},
	date = {2016-09-01},
}
